@misc{renner2022,
  doi = {10.48550/ARXIV.2207.02244},
  url = {https://arxiv.org/abs/2207.02244},
  author = {Renner, Martin J. and Tavakoli, Armin and Quintino, Marco TÃºlio},
  keywords = {Quantum Physics (quant-ph), FOS: Physical sciences, FOS: Physical sciences},
  title = {The classical cost of transmitting a qubit},
  publisher = {arXiv},
  year = {2022},
  copyright = {arXiv.org perpetual, non-exclusive license}
}
@article{toner2003,
  doi = {10.1103/physrevlett.91.187904},
  url = {https://doi.org/10.1103/physrevlett.91.187904},
  year = 2003,
  month = {10},
  publisher = {American Physical Society ({APS})},
  volume = {91},
  number = {18},
  author = {B. F. Toner and D. Bacon},
  title = {Communication Cost of Simulating Bell Correlations},
  journal = {Physical Review Letters}
}
@book{nielsen20000,
  added-at = {2010-06-22T17:54:31.000+0200},
  author = {Nielsen, Michael A. and Chuang, Isaac L.},
  biburl = {https://www.bibsonomy.org/bibtex/222bf6f3de23faf420214d738924ac21b/mcclung},
  interhash = {140ce4be72c2994b45286dbaa98d0bd3},
  intrahash = {22bf6f3de23faf420214d738924ac21b},
  keywords = {computing information quantum},
  publisher = {Cambridge University Press},
  timestamp = {2010-06-22T17:54:31.000+0200},
  title = {Quantum Computation and Quantum Information},
  year = 2000
}
@article{sentis2013,
  doi = {10.1088/1751-8113/46/37/375302},
  url = {https://doi.org/10.1088/1751-8113/46/37/375302},
  year = 2013,
  month = {8},
  publisher = {{IOP} Publishing},
  volume = {46},
  number = {37},
  pages = {375302},
  author = {G Sentis and B Gendra and S D Bartlett and A C Doherty},
  title = {Decomposition of any quantum measurement into extremals},
  journal = {Journal of Physics A: Mathematical and Theoretical}
}
@article{jozsa2003,
  doi = {10.48550/ARXIV.QUANT-PH/0303167},
  url = {https://arxiv.org/abs/quant-ph/0303167},
  author = {Jozsa, Richard and Koashi, Masato and Linden, Noah and Popescu, Sandu and Presnell, Stuart and Shepherd, Dan and Winter, Andreas},
  keywords = {Quantum Physics (quant-ph), FOS: Physical sciences, FOS: Physical sciences},
  title = {Entanglement cost of generalised measurements},
  publisher = {arXiv},
  year = {2003},
  copyright = {Assumed arXiv.org perpetual, non-exclusive license to distribute this article for submissions made before January 2004}
}
